<record xmlns="http://www.loc.gov/MARC21/slim">
   <leader>02459cam a2200493 i 4500</leader>
   <controlfield tag="001">6790487</controlfield>
   <controlfield tag="003">OCoLC</controlfield>
   <controlfield tag="005">20150106115100.0</controlfield>
   <controlfield tag="008">140717s2015    onca   b b    001 0 eng  </controlfield>
   <datafield ind1=" " ind2=" " tag="010">
      <subfield code="a">  2014027802</subfield>
   </datafield>
   <datafield ind1=" " ind2=" " tag="020">
      <subfield code="a">9780778713043 (reinforced library binding)</subfield>
   </datafield>
   <datafield ind1=" " ind2=" " tag="020">
      <subfield code="a">0778713040 (reinforced library binding)</subfield>
   </datafield>
   <datafield ind1=" " ind2=" " tag="020">
      <subfield code="a">9780778713128 (pbk.)</subfield>
   </datafield>
   <datafield ind1=" " ind2=" " tag="020">
      <subfield code="a">0778713121 (pbk.)</subfield>
   </datafield>
   <datafield ind1=" " ind2=" " tag="020">
      <subfield code="z">9781427177629 (electronic pdf)</subfield>
   </datafield>
   <datafield ind1=" " ind2=" " tag="020">
      <subfield code="z">9781427177582 (electronic html)</subfield>
   </datafield>
   <datafield ind1=" " ind2=" " tag="035">
      <subfield code="a">ocn884440144</subfield>
   </datafield>
   <datafield ind1=" " ind2=" " tag="040">
      <subfield code="a">DLC</subfield>
      <subfield code="e">rda</subfield>
      <subfield code="b">eng</subfield>
      <subfield code="c">DLC</subfield>
      <subfield code="d">IG#</subfield>
      <subfield code="d">OCLCO</subfield>
      <subfield code="d">UPZ</subfield>
      <subfield code="d">UAB</subfield>
      <subfield code="d">AEU</subfield>
   </datafield>
   <datafield ind1="0" ind2="0" tag="050">
      <subfield code="a">PE1241</subfield>
      <subfield code="b">.J64 2015</subfield>
   </datafield>
   <datafield ind1="0" ind2="0" tag="082">
      <subfield code="a">425/.5</subfield>
      <subfield code="2">23</subfield>
   </datafield>
   <datafield ind1=" " ind2=" " tag="090">
      <subfield code="a">PE 1241 J64 2015</subfield>
      <subfield code="b">AEU</subfield>
   </datafield>
   <datafield ind1="1" ind2=" " tag="100">
      <subfield code="a">Johnson, Robin</subfield>
      <subfield code="q">(Robin R.),</subfield>
      <subfield code="e">author.</subfield>
   </datafield>
   <datafield ind1="1" ind2="4" tag="245">
      <subfield code="a">The Word Wizard's book of adjectives /</subfield>
      <subfield code="c">Robin Johnson.</subfield>
   </datafield>
   <datafield ind1="3" ind2="0" tag="246">
      <subfield code="a">Book of adjectives</subfield>
   </datafield>
   <datafield ind1=" " ind2="1" tag="264">
      <subfield code="a">St. Catharines, Ontario ;</subfield>
      <subfield code="a">New York :</subfield>
      <subfield code="b">Crabtree Publishing Company,</subfield>
      <subfield code="c">[2015]</subfield>
   </datafield>
   <datafield ind1=" " ind2=" " tag="300">
      <subfield code="a">24 pages :</subfield>
      <subfield code="b">color illustrations ;</subfield>
      <subfield code="c">25 cm.</subfield>
   </datafield>
   <datafield ind1=" " ind2=" " tag="336">
      <subfield code="a">text</subfield>
      <subfield code="b">txt</subfield>
      <subfield code="2">rdacontent</subfield>
   </datafield>
   <datafield ind1=" " ind2=" " tag="337">
      <subfield code="a">unmediated</subfield>
      <subfield code="b">n</subfield>
      <subfield code="2">rdamedia</subfield>
   </datafield>
   <datafield ind1=" " ind2=" " tag="338">
      <subfield code="a">volume</subfield>
      <subfield code="b">nc</subfield>
      <subfield code="2">rdacarrier</subfield>
   </datafield>
   <datafield ind1="1" ind2=" " tag="490">
      <subfield code="a">Word Wizard</subfield>
   </datafield>
   <datafield ind1=" " ind2=" " tag="504">
      <subfield code="a">Includes bibliographical references and index.</subfield>
   </datafield>
   <datafield ind1="0" ind2=" " tag="505">
      <subfield code="a">Magical words -- What are adjectives? -- All kinds of adjectives -- Joining words -- Comparing words -- Antonyms -- Synonyms -- Not quite the same -- Sorting words -- Painting a picture.</subfield>
   </datafield>
   <datafield ind1=" " ind2=" " tag="520">
      <subfield code="a">The Word Wizard reveals the secrets of the magical world of adjectives, including synonyms, antonyms, and comparisons. Readers will discover the nuances of language as they look closely at adjectives that vary in intensity and those with closely related meanings. Writing prompts guide readers as they use adjectives to add detail and clarity.</subfield>
   </datafield>
   <datafield ind1="0" ind2=" " tag="521">
      <subfield code="a">K to Grade 3.</subfield>
   </datafield>
   <datafield ind1="1" ind2=" " tag="521">
      <subfield code="a">5-8.</subfield>
   </datafield>
   <datafield ind1=" " ind2=" " tag="590">
      <subfield code="a">University of Alberta copy in the Canadian Children's Book Centre Depository Collection.</subfield>
   </datafield>
   <datafield ind1=" " ind2=" " tag="596">
      <subfield code="a">41</subfield>
   </datafield>
   <datafield ind1=" " ind2="0" tag="650">
      <subfield code="a">English language</subfield>
      <subfield code="x">Adjective</subfield>
      <subfield code="v">Juvenile literature.</subfield>
   </datafield>
   <datafield ind1=" " ind2="0" tag="650">
      <subfield code="a">English language</subfield>
      <subfield code="x">Parts of speech</subfield>
      <subfield code="v">Juvenile literature.</subfield>
   </datafield>
   <datafield ind1=" " ind2="0" tag="650">
      <subfield code="a">English language</subfield>
      <subfield code="x">Grammar</subfield>
      <subfield code="v">Juvenile literature.</subfield>
   </datafield>
   <datafield ind1="1" ind2=" " tag="800">
      <subfield code="a">Johnson, Robin</subfield>
      <subfield code="q">(Robin R.).</subfield>
      <subfield code="t">Word Wizard.</subfield>
   </datafield>
   <datafield ind1=" " ind2=" " tag="949">
      <subfield code="a">PE 1241 J64 2015</subfield>
      <subfield code="c">1</subfield>
      <subfield code="h">UAED-CU-B</subfield>
      <subfield code="i">0162035221066</subfield>
   </datafield>
   <datafield ind1=" " ind2=" " tag="926">
      <subfield code="a">PE 1241 J64 2015</subfield>
      <subfield code="w">LC</subfield>
      <subfield code="c">1</subfield>
      <subfield code="i">0162035221066</subfield>
      <subfield code="d">2/28/2017</subfield>
      <subfield code="e">2/7/2017</subfield>
      <subfield code="l">CURRICULUM</subfield>
      <subfield code="m">UAEDUC</subfield>
      <subfield code="n">2</subfield>
      <subfield code="p">$150.00</subfield>
      <subfield code="r">Y</subfield>
      <subfield code="s">Y</subfield>
      <subfield code="t">BOOK</subfield>
      <subfield code="u">1/28/2015</subfield>
   </datafield>
   <datafield ind1=" " ind2=" " tag="926">
      <subfield code="a">PE 1241 J64 2015</subfield>
      <subfield code="w">LC</subfield>
      <subfield code="c">2</subfield>
      <subfield code="i">0162034252757</subfield>
      <subfield code="l">CCBCC</subfield>
      <subfield code="m">UAEDUC</subfield>
      <subfield code="p">$150.00</subfield>
      <subfield code="r">Y</subfield>
      <subfield code="s">Y</subfield>
      <subfield code="t">NO_LOAN</subfield>
      <subfield code="u">4/14/2015</subfield>
   </datafield>
</record>
